
              <marcx:record format="danMARC2" type="BibliographicVolume">
                <marcx:leader>00000n    2200000   4500</marcx:leader>
                <marcx:datafield ind1="0" ind2="0" tag="001">
                  <marcx:subfield code="a">50990443</marcx:subfield>
                  <marcx:subfield code="b">870970</marcx:subfield>
                  <marcx:subfield code="c">20140617091523</marcx:subfield>
                  <marcx:subfield code="d">20140303</marcx:subfield>
                  <marcx:subfield code="f">a</marcx:subfield>
                </marcx:datafield>
                <marcx:datafield ind1="0" ind2="0" tag="004">
                  <marcx:subfield code="r">n</marcx:subfield>
                  <marcx:subfield code="a">b</marcx:subfield>
                </marcx:datafield>
                <marcx:datafield ind1="0" ind2="0" tag="008">
                  <marcx:subfield code="t">p</marcx:subfield>
                  <marcx:subfield code="x">05</marcx:subfield>
                  <marcx:subfield code="v">0</marcx:subfield>
                </marcx:datafield>
                <marcx:datafield ind1="0" ind2="0" tag="014">
                  <marcx:subfield code="a">25738055</marcx:subfield>
                </marcx:datafield>
                <marcx:datafield ind1="0" ind2="0" tag="021">
                  <marcx:subfield code="e">9788776056452</marcx:subfield>
                  <marcx:subfield code="c">hf.</marcx:subfield>
                </marcx:datafield>
                <marcx:datafield ind1="0" ind2="0" tag="032">
                  <marcx:subfield code="a">DBF201412</marcx:subfield>
                </marcx:datafield>
                <marcx:datafield ind1="0" ind2="0" tag="041">
                  <marcx:subfield code="a">eng</marcx:subfield>
                </marcx:datafield>
                <marcx:datafield ind1="0" ind2="0" tag="245">
                  <marcx:subfield code="G">2013 32</marcx:subfield>
                  <marcx:subfield code="g">2013:32</marcx:subfield>
                  <marcx:subfield code="a">Biting the barefoot</marcx:subfield>
                  <marcx:subfield code="c">land titles and tenure security in the context of inequality</marcx:subfield>
                </marcx:datafield>
                <marcx:datafield ind1="0" ind2="0" tag="260">
                  <marcx:subfield code="c">2013</marcx:subfield>
                </marcx:datafield>
                <marcx:datafield ind1="0" ind2="0" tag="300">
                  <marcx:subfield code="a">200 sider</marcx:subfield>
                </marcx:datafield>
                <marcx:datafield ind1="0" ind2="0" tag="521">
                  <marcx:subfield code="&amp;">REX</marcx:subfield>
                  <marcx:subfield code="b">1. oplag</marcx:subfield>
                  <marcx:subfield code="c">2013</marcx:subfield>
                  <marcx:subfield code="k">Vesterkopi</marcx:subfield>
                </marcx:datafield>
                <marcx:datafield ind1="0" ind2="0" tag="700">
                  <marcx:subfield code="5">870979</marcx:subfield>
                  <marcx:subfield code="6">68173477</marcx:subfield>
                  <marcx:subfield code="4">aut</marcx:subfield>
                  <marcx:subfield code="0"/>
                  <marcx:subfield code="a">Broegaard</marcx:subfield>
                  <marcx:subfield code="h">Rikke Brandt</marcx:subfield>
                </marcx:datafield>
                <marcx:datafield ind1="0" ind2="0" tag="710">
                  <marcx:subfield code="å">2</marcx:subfield>
                  <marcx:subfield code="a">Dansk Institut for Internationale Studier</marcx:subfield>
                </marcx:datafield>
                <marcx:datafield ind1="0" ind2="0" tag="900">
                  <marcx:subfield code="0"/>
                  <marcx:subfield code="a">Brandt Broegaard</marcx:subfield>
                  <marcx:subfield code="h">Rikke</marcx:subfield>
                  <marcx:subfield code="z">700</marcx:subfield>
                </marcx:datafield>
                <marcx:datafield ind1="0" ind2="0" tag="910">
                  <marcx:subfield code="a">DIIS</marcx:subfield>
                  <marcx:subfield code="z">710/2</marcx:subfield>
                </marcx:datafield>
                <marcx:datafield ind1="0" ind2="0" tag="910">
                  <marcx:subfield code="a">Danish Institute for International Studies</marcx:subfield>
                  <marcx:subfield code="z">710/2</marcx:subfield>
                </marcx:datafield>
              </marcx:record>
            </marcx:collection>
            <os:identifier>870970-basis:50990443</os:identifier>
            <os:primaryObjectIdentifier>870970-basis:50990443</os:primaryObjectIdentifier>
            <os:recordStatus>active</os:recordStatus>
            <os:creationDate>2014-03-03</os:creationDate>
            <os:holdingsCount>0</os:holdingsCount>
            <os:lendingLibraries>0</os:lendingLibraries>
            <os:formatsAvailable>
              <os:format>dkabm</os:format>
              <os:format>marcxchange</os:format>
            </os:formatsAvailable>
          </os:object>
        </os:collection>
      </ns1:originalData>
      <ns1:outputFormat>PLACEHOLDER</ns1:outputFormat>
      <ns1:trackingId>bog_aut700_ej710_bind.xml.PLACEHOLDER</ns1:trackingId>
    </ns1:formatRequest>
  </SOAP-ENV:Body>
</SOAP-ENV:Envelope>
